@inproceedings{2017Moretti,
  title={{Some axiomatic and algorithmic perspectives on the social ranking problem}},
  author={Moretti, Stefano and {\"O}zt{\"u}rk, Meltem},
  booktitle={{International Conference on Algorithmic DecisionTheory}},
  pages={166--181},
  year={2017},
  organization={Springer}
}

@inproceedings{2019Khani,
  title={{An Ordinal Banzhaf Index for Social Ranking}},
  author={Khani, Hossein and Moretti, Stefano and {\"O}zt{\"u}rk, Meltem},
  booktitle={{28th International Joint Conference on Artificial Intelligence (IJCAI 2019)}},
  pages={378--384},
  year={2019}
}
